
@article{miya_ken_2015a,
  title = {{学術研究のためのオープンソース・ソフトウェア (1): XeLaTeX}},
  volume = {82},
  issn = {0022-9741},
  language = {ja},
  timestamp = {2016-08-24T02:08:35Z},
  number = {4},
  urldate = {2015-07-21},
  journal = {経済志林},
  author = {宮﨑, 憲治},
  month = mar,
  year = {2015},
  pages = {285--321},
  file = {/Users/kenjimyzk/Library/Application Support/Firefox/Profiles/bogpe3lf.default/zotero/storage/KUUQZGV2/120005614155.html},
  yomi = {みやざき}
}

@book{lander__2015,
  address = {東京},
  title = {{みんなの R -データ分析と統計解析の新しい教科書-}},
  isbn = {978-4-8399-5521-2},
  language = {ja},
  timestamp = {2016-08-21T07:01:48Z},
  publisher = {{マイナビ}},
  author = {Lander, Jared P.},
  translator = {高柳, 慎一 and 牧山, 幸史 and 田志, 高志},
  collaborator = {Tokyo.R},
  month = jun,
  year = {2015}
}

@book{kawabe_2015,
  address = {東京},
  title = {{Gitが、おもしろいほどわかる基本の使い方33〈バージョン管理、SourceTree、Bitbucket〉}},
  isbn = {978-4-8443-6501-3},
  language = {ja},
  timestamp = {2016-08-21T06:45:28Z},
  publisher = {{エムディエヌコーポレーション}},
  author = {大串, 肇 and 久保靖, 資 and 豊沢泰, 尚},
  month = may,
  year = {2015},
  yomi = {おおぐし}
}

@book{ohtsuka_2014,
  address = {東京},
  title = {{GitHub実践入門 \textasciitilde{}Pull Requestによる開発の変革}},
  isbn = {978-4-7741-6366-6},
  language = {ja},
  timestamp = {2016-08-21T06:58:17Z},
  publisher = {{技術評論社}},
  author = {大塚, 弘記},
  month = mar,
  year = {2014},
  yomi = {おおつか}
}

@book{kawabe_2012,
  address = {東京},
  title = {{アリスとボブのGit入門レッスン}},
  isbn = {978-4-7980-3500-0},
  language = {ja},
  timestamp = {2016-08-21T06:58:23Z},
  publisher = {{秀和システム}},
  author = {川野辺, 正博},
  month = sep,
  year = {2012},
  yomi = {かわのべ}
}

@book{matsushita_2012,
  address = {新潟},
  title = {{開発効率をUPする Git逆引き入門}},
  isbn = {978-4-86354-146-7},
  abstract = {本書は、サイバーエージェントで開発に携わっている著者が、Gitの使い方を速習できるように逆引きという形でわかりやすく解説しています。Gitコマンドとあわせて、GUIツールのSourceTreeでの操作方法も掲載しているので、コマンド入力が苦手という方も安心です。もちろん、Git独特の基本用語や概念についてもきちんと解説していますので、初心者でも理解できる内容になっています。これからGitを使いたいと考えている方におすすめの1冊です。  ●Chapter 1 Gitの基礎知識 ●Chapter 2 [逆引き]Gitの準備と基本操作 ●Chapter 3 [逆引き]リポジトリの操作 ●Chapter 4 [逆引き]ブランチとタグの操作 ●Chapter 5 [逆引き]リモートリポジトリの操作 ●Chapter 6 [逆引き]リポジトリ内を調べる ●Chapter 7 困ったときの対応 ●Appendix GitHub/Bitbucket/参考URL},
  language = {ja},
  timestamp = {2016-08-21T06:58:31Z},
  publisher = {{シーアンドアール研究所}},
  author = {松下, 雅和 and 船ヶ山, 慶 and 平木, 聡 and 土橋, 林太郎 and 三上, 丈晴},
  month = apr,
  year = {2014},
  yomi = {まつした}
}

@article{miya_ken_2016b,
  title = {{学術研究のためのオープンソース・ソフトウェア (4): knitr}},
  volume = {83},
  issn = {0022-9741},
  language = {ja},
  timestamp = {2016-08-24T02:05:24Z},
  number = {4},
  urldate = {2015-07-21},
  journal = {経済志林},
  author = {宮﨑, 憲治},
  month = mar,
  year = {2016},
  pages = {137--168},
  yomi = {みやざき}
}

@book{gajda_git_2014,
  address = {東京},
  title = {{Gitで困ったときに読む本}},
  isbn = {978-4-7981-3713-1},
  language = {日本語},
  timestamp = {2016-08-24T02:31:26Z},
  publisher = {{翔泳社}},
  author = {Gajda, Włodzimierz},
  month = oct,
  year = {2014},
  jauthor = {長尾, 高弘},
  yomi = {ん}
}

@article{ram_git_2013,
  title = {Git Can Facilitate Greater Reproducibility and Increased Transparency in Science},
  volume = {8},
  issn = {1751-0473},
  doi = {10.1186/1751-0473-8-7},
  abstract = {Background
Reproducibility is the hallmark of good science. Maintaining a high degree of transparency in scientific reporting is essential not just for gaining trust and credibility within the scientific community but also for facilitating the development of new ideas. Sharing data and computer code associated with publications is becoming increasingly common, motivated partly in response to data deposition requirements from journals and mandates from funders. Despite this increase in transparency, it is still difficult to reproduce or build upon the findings of most scientific publications without access to a more complete workflow.

Findings
Version control systems (VCS), which have long been used to maintain code repositories in the software industry, are now finding new applications in science. One such open source VCS, Git, provides a lightweight yet robust framework that is ideal for managing the full suite of research outputs such as datasets, statistical code, figures, lab notes, and manuscripts. For individual researchers, Git provides a powerful way to track and compare versions, retrace errors, explore new approaches in a structured manner, while maintaining a full audit trail. For larger collaborative efforts, Git and Git hosting services make it possible for everyone to work asynchronously and merge their contributions at any time, all the while maintaining a complete authorship trail. In this paper I provide an overview of Git along with use-cases that highlight how this tool can be leveraged to make science more reproducible and transparent, foster new collaborations, and support novel uses.},
  timestamp = {2016-08-25T15:49:10Z},
  urldate = {2016-08-25},
  journal = {Source Code for Biology and Medicine},
  author = {Ram, Karthik},
  month = feb,
  year = {2013},
  pages = {7},
  file = {/Users/kenjimyzk/Library/Application Support/Firefox/Profiles/bogpe3lf.default/zotero/storage/F42PAM24/Ram - 2013 - Git can facilitate greater reproducibility and inc.pdf},
  pmid = {23448176},
  pmcid = {PMC3639880}
}

@misc{_git_????,
  title = {データ分析系研究者のためのgitによるバージョン管理},
  abstract = {2014年は研究の再現性ということが非常に話題になった年だったと思います。ソフトウェア開発の世界の技術であるバージョン管理システムが、データ分析のコードの管理と再現性の確保にも非常に便利だと思ったので簡単なまとめです。分析のコードは書...},
  timestamp = {2016-08-25T15:49:35Z},
  urldate = {2016-08-25},
  howpublished = {\url{http://qiita.com/kaz-yos/items/33f6622932d548d62525}},
  journal = {Qiita},
  file = {/Users/kenjimyzk/Library/Application Support/Firefox/Profiles/bogpe3lf.default/zotero/storage/KS6UEIVI/33f6622932d548d62525.html}
}

@book{gandrud_reproducible_2015-1,
  address = {Boca Raton},
  edition = {2},
  title = {{Reproducible Research with R and R Studio, Second Edition}},
  isbn = {978-1-4987-1537-9},
  language = {英語},
  timestamp = {2016-08-25T16:51:03Z},
  publisher = {{Chapman and Hall/CRC}},
  author = {Gandrud, Christopher},
  month = jul,
  year = {2015}
}

@article{miya_ken_2016c,
  title = {{学術研究のためのオープンソース・ソフトウェア(5): LyX}},
  volume = {84},
  issn = {0022-9741},
  language = {ja},
  timestamp = {2016-12-27T16:34:09Z},
  number = {1},
  urldate = {2016-12-27},
  journal = {経済志林},
  author = {宮﨑, 憲治},
  month = sep,
  year = {2016},
  pages = {137--163},
  file = {/Users/kenjimyzk/Library/Application Support/Firefox/Profiles/bogpe3lf.default/zotero/storage/SNJJ28T8/120005850405.html},
  yomi = {みやざき}
}

@article{miya_ken_2015b,
  title = {{学術研究のためのオープンソース・ソフトウェア(2): BiBTEXとZotero}},
  volume = {83},
  issn = {0022-9741},
  language = {ja},
  timestamp = {2016-12-28T08:48:33Z},
  number = {2},
  urldate = {2016-12-27},
  journal = {経済志林},
  author = {宮﨑, 憲治},
  month = nov,
  year = {2015},
  pages = {119--149},
  file = {/Users/kenjimyzk/Library/Application Support/Firefox/Profiles/bogpe3lf.default/zotero/storage/673M9WWC/120005678435.html},
  yomi = {みやざき}
}

@article{miya_ken_2016a,
  title = {{学術研究のためのオープンソース・ソフトウェア(3): RとRStudio}},
  volume = {83},
  issn = {0022-9741},
  language = {ja},
  timestamp = {2016-12-27T16:34:01Z},
  number = {3},
  urldate = {2016-12-27},
  journal = {経済志林},
  author = {宮﨑, 憲治},
  month = feb,
  year = {2016},
  pages = {143--178},
  file = {/Users/kenjimyzk/Library/Application Support/Firefox/Profiles/bogpe3lf.default/zotero/storage/R3FVENU4/120005729064.html},
  yomi = {みやざき}
}


