
@book{wickham_r_2016-2,
  address = {東京},
  title = {{R言語徹底解説}},
  isbn = {978-4-320-12393-9},
  language = {日本語},
  timestamp = {2017-02-11T11:40:45Z},
  publisher = {{共立出版}},
  author = {Wickham, Hadley},
  translator = {石田, 基広 and 市川, 太祐 and 高柳, 慎一 and 福島, 真太朗},
  month = feb,
  year = {2016}
}

@book{grolemund_rstudior_2015,
  address = {東京; 東京},
  title = {{RStudioではじめるRプログラミング入門}},
  isbn = {978-4-87311-715-7},
  language = {日本語},
  timestamp = {2017-02-11T11:43:52Z},
  publisher = {{オライリージャパン}},
  author = {Grolemund, Garrett},
  translator = {大橋, 真也 and 長尾, 高弘},
  month = mar,
  year = {2015}
}

@book{matloff_r_2012,
  address = {東京},
  title = {{アート・オブ・Rプログラミング}},
  isbn = {978-4-87311-579-5},
  language = {日本語},
  timestamp = {2017-02-11T11:43:27Z},
  publisher = {{オライリージャパン}},
  author = {Matloff, Norman},
  translator = {大橋, 真也 and 木下, 哲也},
  month = sep,
  year = {2012}
}

@book{wickham_r_2016-3,
  address = {東京},
  title = {{Rパッケージ開発入門 ―テスト、文書化、コード共有の手法を学ぶ}},
  isbn = {978-4-87311-759-1},
  language = {日本語},
  timestamp = {2017-02-11T11:42:00Z},
  publisher = {{オライリージャパン}},
  author = {Wickham, Hadley},
  translator = {瀬戸山, 雅人 and 石井, 弓美子 and 古畠, 敦},
  month = feb,
  year = {2016}
}

@book{wickham_2012,
  address = {東京},
  title = {{グラフィックスのためのRプログラミング}},
  isbn = {978-4-621-06135-0},
  abstract = {Rとは,S言語をモデルとして,1992年頃に誕生して以来,進化を続けているオブジェクト指向のプログラミング言語であり,統計的手法とグラフィックス作成機能をも兼ね備えた開発環境である。 Rは誰でも自由に最新版をダウンロードして,自由に利用することができるソフトウェアであり,日本を含め世界中に多数のユーザーがいる。本書はRのグラフィックス機能を拡張するggplot2パッケージの解説書である。Rユーザーの間ではggplot2への注目度がにわかに高まってきている。ggplot2は洗練されたグラフィックス機能を提供するが,基本となる関数は二つに集約されている。基本関数で作成したプロットを拡張したい場合には,「レイヤー」を追加するという手法をとる。 本書では,初級者向けにggplot2で何ができるのか,どのように実現するのかを,実例を豊富に使って説明している.さらに中・上級者向けには,グラフィックスをカスタマイズする技法についても解説されている。},
  language = {日本語},
  timestamp = {2017-02-16T02:38:48Z},
  publisher = {{丸善出版}},
  author = {ウィッカム, H.},
  translator = {石田, 基広 and 石田, 和枝},
  month = feb,
  year = {2012}
}

@book{sarkar_2012,
  address = {東京},
  title = {{Rグラフィックス自由自在}},
  isbn = {978-4-621-06164-0},
  abstract = {Rとは,S言語をモデルとして,1992年頃に誕生したオブジェクト指向のプログラミング言語であり,最新の統計的手法とグラフィックス作成機能をも兼ね備えた開発環境である. R は誰でも自由に最新版をダウンロードして,自由に利用することができるソフトウェアなので,日本を含め世界中で急速にユーザーが増えている. 本書は, R のグラフィックス機能を大幅に拡張する latticeパッケージを使いこなすための入門書であると同時に,データの性質にふさわしいグラフを正しく選択し描画するための解説書でもある. グラフィックスは,いかにデータを表示するのかだけではなく,探索的なデータ解析において重要な役割を担っている.lattice パッケージは単変量から多変量まで,様々な性質のデータを効果的にグラフ化する関数を備えており,ユーザーはこれらの関数を自らの仕様に合わせて自由にカスタマイズすることができる.},
  language = {ja},
  timestamp = {2017-02-16T02:38:34Z},
  publisher = {{丸善出版}},
  author = {ショーカー, D.},
  translator = {石田, 基広},
  month = jul,
  year = {2012}
}

@book{murrell_r_2009,
  address = {東京},
  title = {{Rグラフィックス ―Rで思いどおりのグラフを作図するために―}},
  isbn = {978-4-320-01905-8},
  language = {ja},
  timestamp = {2017-02-16T02:57:32Z},
  publisher = {{共立出版}},
  author = {Murrell, Paul},
  translator = {久保, 拓弥},
  month = oct,
  year = {2009}
}

@book{teetor_r_2011-1,
  address = {東京},
  title = {{Rクックブック}},
  isbn = {978-4-87311-533-7},
  language = {日本語},
  timestamp = {2017-02-11T11:49:30Z},
  publisher = {{オライリージャパン}},
  author = {Teetor, Paul},
  translator = {大橋, 真也 and 木下, 哲也},
  month = dec,
  year = {2011}
}

@book{chang_r_2013-1,
  address = {東京},
  title = {{Rグラフィックスクックブック ―ggplot2によるグラフ作成のレシピ集}},
  isbn = {978-4-87311-653-2},
  language = {日本語},
  timestamp = {2017-02-11T11:49:19Z},
  publisher = {{オライリージャパン}},
  author = {Chang, Winston},
  translator = {石井, 弓美子 and 河内, 崇 and 瀬戸山, 雅人 and 古畠, 敦},
  month = nov,
  year = {2013}
}

@book{kabacoff_r_2015-1,
  address = {Shelter Island},
  edition = {2},
  title = {{R in Action: Data Analysis and Graphics With R}},
  isbn = {978-1-61729-138-8},
  shorttitle = {{R in Action}},
  language = {英語},
  timestamp = {2017-02-16T02:34:44Z},
  publisher = {{Manning Pubns Co}},
  author = {Kabacoff, Robert I.},
  month = jun,
  year = {2015}
}

@book{wickham_r_2017-1,
  title = {{R for Data Science: Import, Tidy, Transform, Visualize, and Model Data}},
  isbn = {978-1-4919-1039-9},
  shorttitle = {{R for Data Science}},
  language = {英語},
  timestamp = {2017-02-11T11:54:27Z},
  publisher = {{Oreilly \& Associates Inc}},
  author = {Wickham, Hadley and Grolemund, Garrett},
  month = jan,
  year = {2017}
}

@book{lander_r_2015,
  address = {東京},
  title = {{みんなのR -データ分析と統計解析の新しい教科書-}},
  isbn = {978-4-8399-5521-2},
  language = {日本語},
  timestamp = {2017-02-11T11:55:29Z},
  publisher = {{マイナビ}},
  author = {Lander, Jared P.},
  translator = {高柳, 慎一 and 牧山, 幸史 and 簑田, 高志},
  collaborator = {Tokyo.R(協力)},
  month = jun,
  year = {2015}
}

@book{murrell_r_2011,
  address = {Boca Raton},
  edition = {2},
  title = {{R Graphics}},
  isbn = {978-1-4398-3176-2},
  language = {英語},
  timestamp = {2017-02-16T02:39:42Z},
  publisher = {{CRC Press}},
  author = {Murrell, Paul},
  month = jun,
  year = {2011}
}

@book{wickham_ggplot2:_2016-1,
  address = {New York, NY},
    edition = {2},
  title = {{ggplot2: Elegant Graphics for Data Analysis}},
  isbn = {978-3-319-24275-0},
  shorttitle = {{ggplot2}},
  language = {英語},
  timestamp = {2017-02-16T02:33:48Z},
  publisher = {{Springer}},
  author = {Wickham, Hadley},
  month = jun,
  year = {2016}
}

@book{sarkar_lattice:_2008-1,
  address = {New York},
  edition = {1st ed. 2008. Corr. 2nd printing 2008版},
  title = {{Lattice: Multivariate Data Visualization with R}},
  isbn = {978-0-387-75968-5},
  shorttitle = {{Lattice}},
  language = {英語},
  timestamp = {2017-02-16T02:34:17Z},
  publisher = {{Springer}},
  author = {Sarkar, Deepayan},
  month = nov,
  year = {2008}
}

@book{wickham_advanced_2014-1,
  address = {Boca Raton, FL},
  title = {{Advanced R}},
  isbn = {978-1-4665-8696-3},
  language = {英語},
  timestamp = {2017-02-16T02:35:48Z},
  publisher = {{Routledge}},
  author = {Wickham, Hadley},
  month = oct,
  year = {2014}
}


