
@book{田子山20011a,
  Editor = {田子山, 和歌子 and 金子, 善彦},
  title     = {西洋思想における「個」の概念},
  publisher = {慶應義塾大学言語文化研究所,慶應義塾大学出版会 (発売)},
  year      = {2011},
  sortname = {たごやま わかこ},
  keywords = {Jpn},

}


@article{和泉2010,
  author="和泉, ちえ",
  title="ペリパトス学派と哲学史の誕生 : アリストテレスにおける『形而上学』A巻のタレス像を巡って",
  journal="Studia classica",
  publisher="SC西洋古代文化研究会",
  keywords = {Jpn},
  year="2010",
  volume="1",
  number="",
  pages="95--120",
  sortname = {いずみ　ちえ},
}

@article{納富1998,
  author={{納富}, {信留}},
  title={ディアレクティケーの理論と実践 -- アリストテレス『トピカ』第八巻におけるエンドクサと真理 --},
  journal={哲學年報},
  keywords = {Jpn},
  publisher={九州大学},
  year={1998},
  volume={57},
  pages={149--176},
  sortname = {のうとみ のぶる},
}


@article{赤井2004,
	Author = {赤井, 清晃},
	Journal = {比較論理学研究},
	Number = {2},
	Pages = {9--16},
	Publisher = {広島大学比較論理学プロジェクト研究センター},
	Title = {アリストテレスにおける推論の必然性とアポリアー--予備的考察},
	keywords = {Jpn},
	Year = {2004},
	sortname = {あかい きよあき},
}

@BOOK{池田2007, 
	title={アリストテレス『トピカ』},
	author={池田, 康男(訳)},
	publisher={京都大学学術出版会},
	year={2007},
	month={7},
	isbn={9784876981687},
	Series = {西洋古典叢書},
	keywords = {Jpn},
	sortname = {いけだ やすお}
}

@Incollection{金子2011,
  author    = {金子, 善彦},
  title = {アリストテレスにおける個の認識},
  editor = {田子山, 和歌子 and 金子, 善彦},
  booktitle = {西洋思想における「個」の概念},
  publisher = "慶應義塾大学言語文化研究所，慶應義塾大学出版会 （発売）",
  year      = "2011",
  sortname = {かねこ よしひこ},
  keywords = {Jpn},
  pages     = {11--52},
}

@Incollection{山本1968,
	author = {{山本}, {光雄}},
	title = {弁論術},
	Publisher = {岩波書店},
	Series = {アリストテレス全集},
	booktitle = {弁論術　アレクサンドロスに贈る弁論術},
	Volume = {16},
	Year = {1968},
	sortname = {やまもと みつお},
	keywords = {Jpn},
	
}

@book{Patzig1968,
	Author = {Patzig, Günther},
	Date-Added = {2014-06-28 05:08:27 +0000},
	Date-Modified = {2014-06-28 05:08:53 +0000},
	Publisher = {D. Reidel},
	Title = {Aristotle's Theory of the Syllogism : a Logico-philological Study of Book A of the Prior Analytics},
	translator = {Jonathan Barnes},
	address = {Dordrecht},
	Year = {1968},
}


@book{Cope1877,
	Author = {Cope, Edward Meredith},
	Editior = {Revised and edited by John Edwin Sandys.},
	address = {Cambridge},
	Publisher = {Cambridge University Press},
	Title = {The Rhetoric of Aristotle: with a Commentary},
	Year = {1877},
	}

@book{Ross1959,
	editor = {Ross, William David},
	Publisher = {Oxford University Press},
	Series = {Oxford Classical Texts},
	Title = {Aristotelis Ars Rhetorica},
	Year = {1959},
	address = {New York},
}


@book{ボヘンスキー1980,
  author    = "ボヘンスキー, J. M.",
  title     = "古代形式論理学",
  publisher = "公論社",
  year      = "1980",
  translator ={岩野, 秀明},
  series    = "論理学古典選集 2",
  keywords ={Jpn},
}


